@online{boost,
    author = "The Boost Organisation",
    title = "Boost Standard Libraries",
    url  = "https://www.boost.org/",
    addendum = "(accessed: 2021-08-01)",
    keywords = "cpp,free and open source software"
}

@online{protobuf,
    author = "Google Inc.",
    title = "Google Protocol Buffers",
    url  = "https://developers.google.com/protocol-buffers",
    addendum = "(accessed: 2021-08-01)",
    keywords = "serialisation, platform-neutral, language-neutral"
}

@online{ODE,
    author = "Russ Smith",
    title = "Open Dynamics Engine",
    url  = "http://ode.org/",
    addendum = "(accessed: 2021-08-01)",
    keywords = "dynamics engine, physics engine, open source, high performance, rigid body dynamics"
}

@online{doxygen,
    author = "Dimitri van Heesch",
    title = "Doxygen - documentation generator",
    url  = "https://www.doxygen.nl/index.html",
    addendum = "(accessed: 2021-08-01)",
    keywords = "documentation, automation, doxygen"
}

@online{robogen,
    author = "Joshua Auerbach",
    title = "Robogen -- Robot generation through artificial evolution",
    url  = "https://github.com/lis-epfl/robogen",
    addendum = "(accessed: 2021-08-01)",
    keywords = "genetic algorithms,robotics,evolution,swarm robotics"
}
